@inproceedings{jenkins2002difficulty,
  title={On the difficulty of learning to program},
  author={Jenkins, Tony},
  booktitle={Proceedings of the 3rd Annual Conference of the LTSN Centre for Information and Computer Sciences},
  volume={4},
  pages={53--58},
  year={2002}
},
@article{bennedsen2007failure,
  title={Failure rates in introductory programming},
  author={Bennedsen, Jens and Caspersen, Michael E},
  journal={ACM SIGCSE Bulletin},
  volume={39},
  number={2},
  pages={32--36},
  year={2007},
  publisher={ACM}
},
@article{robins2003learning,
  title={Learning and teaching programming: A review and discussion},
  author={Robins, Anthony and Rountree, Janet and Rountree, Nathan},
  journal={Computer Science Education},
  volume={13},
  number={2},
  pages={137--172},
  year={2003},
  publisher={Taylor \& Francis}
}
