@inproceedings{jenkins2002difficulty,
  title={On the difficulty of learning to program},
  author={Jenkins, Tony},
  booktitle={Proceedings of the 3rd Annual Conference of the LTSN Centre for Information and Computer Sciences},
  volume={4},
  pages={53--58},
  year={2002}
},
@article{bennedsen2007failure,
  title={Failure rates in introductory programming},
  author={Bennedsen, Jens and Caspersen, Michael E},
  journal={ACM SIGCSE Bulletin},
  volume={39},
  number={2},
  pages={32--36},
  year={2007},
  publisher={ACM}
},
@article{robins2003learning,
  title={Learning and teaching programming: A review and discussion},
  author={Robins, Anthony and Rountree, Janet and Rountree, Nathan},
  journal={Computer Science Education},
  volume={13},
  number={2},
  pages={137--172},
  year={2003},
  publisher={Taylor \& Francis}
},
@article{lutz2000jplag,
  title={JPlag: Finding plagiarisms among a set of programs},
  author={Lutz, P and Guido, M and Phlippsen, M},
  journal={Fakult{\"a}t f{\"u}r Informatik Technical Report},
  volume={1},
  year={2000}
},
@inproceedings{schleimer2003winnowing,
  title={Winnowing: local algorithms for document fingerprinting},
  author={Schleimer, Saul and Wilkerson, Daniel S and Aiken, Alex},
  booktitle={Proceedings of the 2003 ACM SIGMOD international conference on
Management of data},
  pages={76--85},
  year={2003},
  organization={ACM}
},
@inproceedings{giacaman2015active,
  title={The active classroom: students and instructors parallel programming... in parallel},
  author={Giacaman, Nasser and Kalra, Simar and Sinnen, Oliver},
  year={2015},
  month={May},
  booktitle={In IEEE Workshop on Parallel and Distributed Computing Education
(EduPar-15) held in conjunction with 29th IEEE International Parallel and
Distributed Processing Symposium (IPDPS'15), Hyderabad}
}
